
% 2.1 
    @webpage{fotoStihacky,
      author =       "Jack Poelstra",
      title =        "Hawker Siddeley AV-8A Harrier",
      howpublished = "online",
      year =         "1976",
      url =          "https://abpic.co.uk/pictures/search?type=AV-8A&date_taken=&information=&tag_fields=\%5B\%22type\%22\%5D",
      cited =        "2022-05-04"
    }

% 2.2 
    @webpage{fotoSv,
      author =       "Debbie Sniderman",
      title =        "Seeing the Future",
      howpublished = "online",
      year =         "2017",
      url =          "https://flightsafety.org/asw-article/seeing-the-future/",
      cited =        "2022-05-04"
    }

% 2.3/8 
    @webpage{fotoIndikator,
      author =       "MidContinent",
      title =        "The Six Pack: Aircraft Instruments Explained",
      howpublished = "online",
      year =         "2019",
      url =          "https://www.mcico.com/resources/flight-instruments/six-pack-aircraft-instruments-explained",
      cited =        "2022-05-04"
    }

% 3.1 
    @webpage{fotoPFD,
      author =       "Wikipedia",
      title =        "Primary flight display",
      howpublished = "online",
      year =         "2022",
      url =          "https://en.wikipedia.org/wiki/Primary_flight_display",
      cited =        "2022-05-04"
    }

% 3.2 
    @webpage{fotoMFD,
      author =       "L3HARRIS",
      title =        "10.4-inch MULTI-FUNCTION DISPLAY - TECHNOLOGY REFRESH",
      howpublished = "online",
      year =         "2022",
      url =          "https://www.l3harris.com/all-capabilities/104-multi-function-display-technology-refresh",
      cited =        "2022-05-04"
    }

% 3.3 
    @webpage{fotoCRT,
      author =       "Thomas Electronics",
      title =        "The Head Up Display (HUD) CRT technology developed by Thomas Electronics is trusted in commercial & military cockpits worldwide.",
      howpublished = "online",
      url =          "https://www.l3harris.com/all-capabilities/104-multi-function-display-technology-refresh",
      cited =        "2022-05-04"
    }

% 3.4 
    @webpage{fotoLCD,
      author =       "New World Encyclopedia",
      title =        "Liquid crystal display",
      howpublished = "online",
      year =         "2019",
      url =          "https://www.newworldencyclopedia.org/entry/Liquid_crystal_display",
      cited =        "2022-05-04"
    }

% 3.5 
    @webpage{fotoB787,
      author =       "Rastislav Marguš",
      title =        "Boeing 787 Dreamliner HUD",
      howpublished = "online",
      url =          "https://www.premiumwall.art/shop/boeing-787-dreamliner-hud/",
      cited =        "2022-05-04"
    }

% 3.6 ?
    @webpage{fotoSv2,
      author =       "FLY REAL HUDs",
      title =        "Air Transport HUD",
      howpublished = "online",
      url =          "https://flyrealhuds.com/product/air-transport-hud/",
      cited =        "2022-05-04"
    }

% 3.7 
    @webpage{fotoCS,
      author =       "VR Support Wiki",
      title =        "Cockpit Systems",
      howpublished = "online",
      year =         "2021",
      url =          "https://forums.vrsimulations.com/support/index.php/Cockpit_Systems?fbclid=IwAR2FLKWXJXNogx63qc2hxkpsPWEnP7FFTfTHGutILxDMm1M7uAWbwdgFBFw",
      cited =        "2022-05-04"
    }

% 3.8 
    @webpage{fotoHelmet,
      author =       "ARTYuSTUDIO",
      title =        "F-35 Helmet 3D Model",
      howpublished = "online",
      year =         "2021",
      url =          "https://free3d.com/3d-model/f-35-helmet-3830.html",
      cited =        "2022-05-04"
    }

    @webpage{historia,
      author =       "History.com Editors",
      title =        "Wright Brothers",
      howpublished = "online",
      year =         "2020",
      url =          "https://www.history.com/topics/inventions/wright-brothers",
      cited =        "2022-04-29"
    }
    
    @MISC{MFD,
      author =       "Robert M. Chamberlain",
      title =        "Multi-Function Displays: A Guide for Human Factors Evaluation",
      howpublished = "online",
      year =         "2013",
      url =          "https://www.faa.gov/data_research/research/med_humanfacs/oamtechreports/2010s/media/201321.pdf",
      cited =        "2022-04-26"
    }
    
    @webpage{pfd,
      author =       "SKYbrary",
      title =        "Primary Flight Display (PFD)",
      howpublished = "online",
      url =          "https://skybrary.aero/articles/primary-flight-display-pfd",
      cited =        "2022-04-25"
    }
    
    @MISC{HMDnevyhody,
      author =       "C. Pfendler & H. Widdel",
      title =        "Psychological effects of work with a helmet-mounted display",
      howpublished = "online",
      year =         "2004",
      url =          "https://www.witpress.com/Secure/elibrary/papers/CI04/CI04009FU.pdf",
      cited =        "2022-04-20"
    }
    
    @BOOK{HUDkniha,
      author =       "Richard L. Newman",
      title =        "Head-Up Displays: Designing the Way Ahead",
      publisher =    "Routledge",
      edition =      "1",
      year =         "1995",
      isbn =         "0291398111",
    }
    
    @ARTICLE{39,
      author={LOWE J.},
      journal={American Institute of Aeronautics and Astronautics Aircraft Systems and Technology Conference}, 
      title={Improving the accuracy of HUD approaches in windshear with a new control law}, 
      year={1978},
      pages={6},
      doi={10.2514/6.1978-1494}
      }

    @ARTICLE{4502188,
      author={Gold, Theodore},
      journal={IEEE Transactions on Aerospace and Navigational Electronics}, 
      title={Quickened Manual Flight Control with External Visual Guidance}, 
      year={1964},
      volume={ANE-11},
      number={3},
      pages={151-156},
      doi={10.1109/TANE.1964.4502188}
      }

    @MISC{HUDknihaproblemy,
      author =       "Richard L. Newman",
      title =        "Operational Problems Associated with Head-Up Displays during Instrument Flight",
      howpublished = "online",
      year =         "1980",
      url =          "https://apps.dtic.mil/sti/pdfs/ADA092992.pdf",
      cited =        "2022-04-21"
    }
    
    @webpage{xplaneConnect,
      author =       "Dan Lockney",
      title =        "X-Plane Communication Toolbox (XPC)",
      howpublished = "online",
      url =          "https://software.nasa.gov/software/ARC-17185-1",
      cited =        "2022-04-07"
    }
    
    @BOOK{LCDdisplej,
      author =       "Robert H. Chen",
      title =        "Liquid Crystal Displays: Fundamental Physics and Technology",
      publisher =    "Wiley",
      edition =      "1",
      year =         "2011",
      isbn =         "978-0470930878",
    }
    
    @webpage{svs,
      author =       "Lubomír Čorňák",
      title =        "Syntetické vidění – více než 3D terén",
      howpublished = "online",
      year =         "2016",
      url =          "https://www.flying-revue.cz/synteticke-videni-vice-nez-3d-teren",
      cited =        "2022-04-04"
    }
    
    @webpage{Kinetoza,
      author =       "PharmDr. Zuzana Kuncová",
      title =        "NEVOĽNOSŤ PRI CESTOVANÍ - KINETÓZA",
      howpublished = "online",
      year =         "2021",
      url =          "https://www.benulekaren.sk/nevolnost-pri-cestovani-kinetoza",
      cited =        "2022-03-25"
    }
    
    @webpage{HTCVive,
      author =       "Grand Valley",
      title =        "7 Things about HTC Vive",
      howpublished = "online",
      url =          "https://www.gvsu.edu/cms4/asset/7E70FBB5-0BBC-EF4C-A56CBB9121AECA7F/7_things_about_htc_vive.pdf",
      cited =        "2022-03-25"
    }
    
    @webpage{VirtualnaRealita,
      author =       "Michael Šubák",
      title =        "ČO JE VIRTUÁLNA REALITA ?",
      howpublished = "online",
      year =         "2015",
      url =          "https://virtualnarealita.eu/co-je-virtualna-realita/",
      cited =        "2022-03-25"
    }
    
    @webpage{Unity-popis,
      author =       "admin",
      title =        "Výkonný herný engine Unity: popis",
      howpublished = "online",
      year =         "2019",
      url =          "https://sk.flipperworld.org/tech/vykonny-herny-engine-unity-popis",
      cited =        "2022-03-24"
    }
    
    @webpage{Gimp,
      author =       "The GIMP Team",
      title =        "The Free & Open Source Image Editor",
      howpublished = "online",
      year =         "1997",
      url =          "https://www.gimp.org/",
      cited =        "2022-03-24"
    }
    
    @webpage{Unity,
      author =       "Unity Technologies",
      title =        "Coding in C# in Unity for beginners",
      howpublished = "online",
      year =         "2005",
      url =          "https://unity.com/how-to/learning-c-sharp-unity-beginners#:~:text=The\%20language\%20that's\%20used\%20in,(pronounced\%20C\%2Dsharp).",
      cited =        "2022-03-24"
    }
    
    @webpage{HUDkomponenty,
      author =       "Radiant Vision Systems",
      title =        "Quality Considerations for Aviation Head-up Displays (HUDs)",
      howpublished = "online",
      year =         "2021",
      url =          "https://www.aviationtoday.com/2021/01/13/quality-considerations-aviation-head-displays-huds/",
      cited =        "2022-02-07"
    }
    
    @webpage{HMDhelmet,
      author =       "Dan Gouré",
      title =        "Helmet Mounted Displays Are a Key Combat Advantage for U.S. and Allied Pilots",
      howpublished = "online",
      year =         "2020",
      url =          "https://www.realcleardefense.com/articles/2020/09/05/helmet_mounted_displays_are_a_key_combat_advantage_for_us_and_allied_pilots_576513.html",
      cited =        "2022-02-06"
    }
    
    @webpage{HUDnight,
      author =       "Anne Corning",
      title =        "Safety in the Air: The Latest in Aviation Head-up Displays (HUDs)",
      howpublished = "online",
      year =         "2021",
      url =          "https://www.radiantvisionsystems.com/blog/safety-air-latest-aviation-head-displays-huds",
      cited =        "2022-02-04"
    }
    
    @webpage{turn,
      author =       "Jill W. Tallman",
      title =        "HOW IT WORKS: TURN COORDINATOR",
      howpublished = "online",
      year =         "2019",
      url =          "https://www.aopa.org/news-and-media/all-news/2019/january/flight-training-magazine/how-it-works-turn-coordinator",
      cited =        "2022-02-03"
    }
    
    @webpage{heading,
      author =       "Ryan Capizano",
      title =        "What is the Heading Indicator?",
      howpublished = "online",
      year =         "2022",
      url =          "https://www.wise-geek.com/what-is-the-heading-indicator.htm",
      cited =        "2022-02-03"
    }
    
    @webpage{gyroscopeHeading,
      author =       "FLIGHT INSTRUMENTS",
      title =        "Gyroscopic Flight Instruments – Heading Indicator, Attitude and Heading Reference System (AHRS)",
      howpublished = "online",
      url =          "https://www.flight-mechanic.com/gyroscopic-flight-instruments-heading-indicator-attitude-and-heading-reference-system-ahrs/",
      cited =        "2022-02-03"
    }
    
    @webpage{gyroscopeHistory,
      author =       "Mael BALLAND",
      title =        "Types of Attitude Indicators: From Traditional to Digital Attitude Indicators",
      howpublished = "online",
      year =         "2020",
      url =          "https://www.mcico.com/resources/flight-instruments/types-of-attitude-indicators",
      cited =        "2022-02-03"
    }
    
    @webpage{gyroscope,
      author =       "FLIGHT INSTRUMENTS",
      title =        "Gyroscopic Instruments (Part One) Attitude and Heading Indicators",
      howpublished = "online",
      url =          "https://www.flightliteracy.com/gyroscopic-instruments-part-one-attitude-and-heading-indicators/",
      cited =        "2022-02-03"
    }
    
    @webpage{eVTOL,
      author =       "Jen Nevans",
      title =        "Our top 10 eVTOL stories of 2021",
      howpublished = "online",
      publisher =    "MHM Publishing",
      year =         "2021",
      month =        12,
      url =          "https://evtol.com/features/top-10-evtol-stories-2021/",
      cited =        "2022-01-31"
    }
    
    @webpage{Instruments,
      author =       "Southern Wings",
      title =        "Aircraft Flight Instruments Explained",
      howpublished = "online",
      year =         "2020",
      url =          "https://www.southernwings.co.nz/aircraft-flight-instruments-explained/",
      cited =        "2022-01-31"
    }
    
    @webpage{vsiAirspeed,
      author =       "PilotMall.com Editor",
      title =        "Aircraft Vertical Speed Indicator (VSI): How Does it Work?",
      howpublished = "online",
      year =         "2020",
      url =          "https://www.pilotmall.com/blogs/news/aircraft-vertical-speed-indicator-vsi-how-does-it-work",
      cited =        "2022-02-03"
    }
    
     @webpage{Altitude,
      author =       "Boldmethod",
      title =        "The 5 Types Of Altitude, Explained",
      howpublished = "online",
      year =         "2021",
      url =          "https://www.boldmethod.com/blog/lists/2021/10/the-five-types-of-flying-altitudes-explained/",
      cited =        "2022-02-02"
    }
    
    @webpage{Airspeed,
      author =       "Boldmethod",
      title =        "The 4 Types Of Airspeed, And What Each One Means For You",
      howpublished = "online",
      year =         "2018",
      url =          "https://www.boldmethod.com/blog/lists/2019/11/the-four-types-of-airspeed-and-how-each-works/",
      cited =        "2022-02-02"
    }
    
    @webpage{F35,
      author =       "Elbit Systems",
      title =        "Joint Strike Fighter - F-35",
      howpublished = "online",
      url =          "https://elbitsystems.com/product/joint-strike-fighter-jsf-f-35-lightning-ii/",
      cited =        "2022-01-31"
    }
    
    @webpage{SafetyHUD,
      author =       "SKYbrary",
      title =        "Head Up Display",
      howpublished = "online",
      url =          "https://skybrary.aero/articles/head-display#:~:text=A\%20HUD\%20\%2D\%20Head\%20Up\%20Display,ahead\%20out\%20of\%20the\%20aircraft.",
      cited =        "2022-01-31"
    }
    
    @webpage{Calibrated,
      author =       "SKYbrary",
      title =        "Calibrated Airspeed (CAS)",
      howpublished = "online",
      url =          "https://skybrary.aero/articles/calibrated-airspeed-cas#:~:text=Definition,port\%20caused\%20by\%20airflow\%20disruption).",
      cited =        "2022-02-02"
    }
    
    @webpage{Indicated,
      author =       "SKYbrary",
      title =        "Indicated Airspeed (IAS)",
      howpublished = "online",
      url =          "https://skybrary.aero/articles/indicated-airspeed-ias",
      cited =        "2022-02-02"
    }

    @MISC{HMD,
      author =       "Rockwell Collins",
      title =        "F-35 Gen III Helmet Mounted Display System",
      howpublished = "online",
      year =         "2014",
      url =          "https://www.rockwellcollins.com/-/media/Files/Unsecure/Products/Product_Brochures/Displays/Soldier_Displays/F-35_Gen_III_Helmet_data_sheet.ashx",
      cited =        "2022-01-31"
    }
    
    
    
    
    @BOOK{Pravidla,
      author =       "Zdeněk Hlavsa and others",
      title =        "Pravidla českého pravopisu",
      publisher =    "Academia",
      edition =      "2",
      year =         "2009",
      isbn =         "80-200-1327-X",
    }
    
    @BOOK{Knuth,
      author =       "Donald E. Knuth",
      title =        "The {\TeX}book",
      publisher =    "Addison-Wesley Publishing Company",
      year =         "1996",
      isbn =         "0-201-13447-0",
    }
    
    @BOOK{Rybicka,
      author =       "Jiří Rybička",
      title =        "\LaTeX~pro začátečníky",
      publisher =    "Konvoj",
      edition =      "3",
      year =         "2003",
      isbn =         "80-7302-049-1",
    }

    @BOOK{Olsak,
      author =       "Petr Olšák",
      title =        "{\TeX}book naruby",
      publisher =    "Konvoj",
      year =         "2001",
      isbn =         "80-7302-0007-6",
    }

    @BOOK{Eikh,
      author =       "Victor Eikhout",
      title =        "{\TeX}by Topics, a {\TeX}nitian's Reference",
      publisher =    "Addison-Wesley UK",
      year =         "2001",
      isbn =         "0-201-56882-9",
    }

    @website{cstugWeb,
      author =       "Petr Sojka and others",
      title =        "Československé sdružení uživatelů {\TeX}u",
      howpublished = "online",
      url =          "http://www.cstug.cz",
      cited =        "2019-10-02"
    }

    @webpage{fitWeb,
      author =       "Zdena Rábová and Petr Hanáček and Petr Peringer and Petr Přikryl and Bohuslav Křena",
      title =        "Užitečné rady pro psaní práce",
      howpublished = "online",
      publisher =    "FIT VUT v~Brně",
      year =         "2008",
      month =        11,
      url =          "https://www.fit.vut.cz/study/theses/theses-advice/",
      cited =        "2019-10-02"
    }

    @webpage{citace,
      author =       "Zdena Rábová and Petr Hanáček and Petr Peringer and Petr Přikryl and Bohuslav Křena",
      title =        "Pravidla pro bibliografické citace",
      howpublished = "online",
      publisher =    "FIT VUT v Brně",
      year =         "2019",
      month =        3,
      url =          "https://www.fit.vut.cz/study/theses/citations/",
      cited =        "2019-10-02"
    }
   
    @MISC{biblio,
      author =       "Olga Biernátová and Jan Skůpa",
      title =        "Bibliografické odkazy a citace dokumentů",
      howpublished = "online",
      url =          "http://www.citace.com/download/CSN-ISO-690.pdf",
      publisher =    "Citace.com",
      month =        9,
      address =      "Brno",
      year =         "2011",
      cited =        "2019-10-02"
    }
   
    @webpage{formalniBP,
      author =       "Zdena Rábová and Petr Přikryl and Petr Peringer and Petr Lampa and Bohuslav Křena and jaroslav Dytrych and Petr Veigend",
      title =        "Pokyny k~bakalářským pracím a SZZ",
      howpublished = "online",
      year =         "2019",
      url =          "https://www.fit.vut.cz/study/theses/bachelor-theses/",
      cited =        "2019-10-02"
    }
   
    @webpage{formalniDP,
      author =       "Zdena Rábová and Petr Přikryl and Petr Peringer and Petr Lampa and Bohuslav Křena and jaroslav Dytrych and Petr Veigend",
      title =        "Pokyny k~diplomovým pracím a SZZ",
      howpublished = "online",
      year =         "2019",
      url =          "https://www.fit.vut.cz/study/theses/master-theses/",
      cited =        "2019-10-02"
    }
   
    @MISC{smernice,
      key =          "Szz",
      author =       "Petr Štěpánek",
      title =        "Směrnice rektora č. 72/2017 -- Úprava, odevzdávání a zveřejňování závěrečných prací",
      howpublished = "online",
      year =         "2017",
      url =          "https://www.vutbr.cz/uredni-deska/vnitrni-predpisy-a-dokumenty/smernice-c-72-2017-uprava-odevzdavani-a-zverejnovani-zaverecnych-praci-d161410",
      cited =        "2019-10-02"
    }
   
   @MISC{smerniceFIT,
      author =       "Pavel Zemčík",
      title =        "Směrnice děkana č. 7/2018 -- Úprava, odevzdávání a zveřejňování závěrečných prací na FIT VUT v Brně",
      howpublished = "online",
      year =         "2018",
      url =          "https://www.fit.vut.cz/fit/info/smernice/sm2018-07.pdf",
      cited =        "2019-10-02"
    }
   
    @website{prirucka,
      key =          "Cerna",
      author =       "Anna Černá and Jan Chromý and Hana Konečná and others",
      title =        "Internetová jazyková příručka -- Ústav pro jazyk český Akademie věd ČR, v. v. i.",
      howpublished = "online",
      publisher =    "Centrum zpracování přirozeného jazyka FI MU",
      year =         "2019",
      url =          "http://prirucka.ujc.cas.cz/",
      cited =        "2019-10-02"
    }
   
    @website{Herout,
      author =       "Adam Herout",
      title =        {herout.net -- Poznámky učitele, kouče, čtenáře.},
      howpublished = "online",
      year =         "2018",
      url =          "http://www.herout.net/",
      cited =        "2019-10-02"
    }
   
    @webpage{chyby,
      key =          "Szoke",
      author =       "Igor Szöke",
      title =        "Textová část BP/DP -- Lessons learned",
      howpublished = "online",
      year =         "2012",
      url =          "http://blog.igor.szoke.cz/2012/01/textova-cast-bpdp-lessons-learned-1.html",
      cited =        "2019-10-02"
    }
   
    @webpage{rady,
      key =          "Szoke",
      author =       "Igor Szöke",
      title =        "Píšete diplomku? 15+1 rad, které vám pomohou.",
      howpublished = "online",
      year =         "2011",
      url =          "http://blog.igor.szoke.cz/2011/12/pisete-diplomku-151-rad-ktere-vam.html",
      cited =        "2019-10-02"
    }
   
    @webpage{Beran,
      author =       "Vítězslav Beran",
      title =        "Beran-BP DP Projekty",
      howpublished = "online",
      year =         "2017",
      url =          "http://merlin.fit.vutbr.cz/wiki/index.php/Beran-BP_DP_Projekty",
      cited =        "2019-10-02"
    }

    @MISC{BeranPDF,
      author =       "Vítězslav Beran",
      title =        "Jak psát technickou zprávu",
      howpublished = "online",
      year =         "2013",
      url =          "http://www.fit.vutbr.cz/~beranv/podpora/Jak\%20psat\%20technickou\%20zpravu.pdf",
      cited =        "2019-10-00"
    }
   
    @webpage{Cernocky,
      key =          "Cernocky",
      author =       "Jan Černocký",
      title =        "Černocký BP DP -- obecně",
      howpublished = "online",
      year =         "2016",
      url =          "https://merlin.fit.vutbr.cz/wiki/index.php/Cernocky_BP_DP-obecne",
      publisher = "Wiki FIT VUT v Brně",
      cited =        "2019-10-02"
    }
   
    @webpage{CernockyEnglish,
      key =          "Cernocky",
      author =       "Jan Černocký",
      title =        "English SOS",
      howpublished = "online",
      year =         "2016",
      url =          "https://merlin.fit.vutbr.cz/wiki/index.php/English_SOS",
      cited =        "2019-10-02"
    }
   
    @MISC{Zemcik,
      author =       "Pavel Zemčík",
      title =        "Všeobecné pokyny pro studenty a vůbec",
      howpublished = "online",
      year =         "2012",
      url =          "http://www.fit.vutbr.cz/~zemcik/Pokyny.pdf",
      cited =        "2019-10-02"
    }
   
    @BOOK{Lebrun2011,
      author =       "Jean-Luc Lebrun",
      title =        "Scientific Writing 2.0: a reader and writer's guide",
      publisher =    "World Scientific Publishing",
      year =         "2011",
      edition =      "1",
      isbn =         "9814350605",
      owner =        "herout",
      timestamp =    "2015.01.20"
    }
  
    @MASTERSTHESIS{Pysny,
      author = {Radek Py{\v{s}}n{\'{y}}},
      type = {Bakal{\'{a}}{\v{r}}sk{\'{a}} pr{\'{a}}ce},
      title = {BiBTeX styl pro {\v{C}}SN ISO 690 a {\v{C}}SN ISO	690-2},
      school = {Vysok{\'{e}} u{\v{c}}en{\'{i}} technick{\'{e}} v Brn{\v{e}}, Fakulta informa{\v{c}}n{\'{i}}ch technologi{\'{i}}},
      year = {2009},
      location = {Brno, CZ},
      language = {czech},
      url = {https://www.fit.vut.cz/study/thesis/7848/}
    }
